<record><leader>00000cas a22000007a 4500</leader><controlfield tag="001">11754188</controlfield><controlfield tag="008">850302d18761877vauwr ne      0    0eng d</controlfield><datafield ind1=" " ind2=" " tag="010"><subfield code="a">sn 85025471 </subfield></datafield><datafield ind1=" " ind2=" " tag="040"><subfield code="a">NPX</subfield><subfield code="b">eng</subfield><subfield code="c">NPX</subfield><subfield code="d">NVK</subfield><subfield code="d">OCLCQ</subfield><subfield code="d">OCLCF</subfield><subfield code="d">OCLCO</subfield></datafield><datafield ind1="1" ind2=" " tag="029"><subfield code="a">AU@</subfield><subfield code="b">000020352165</subfield></datafield><datafield ind1=" " ind2=" " tag="042"><subfield code="a">msc</subfield></datafield><datafield ind1=" " ind2=" " tag="043"><subfield code="a">n-us-va</subfield></datafield><datafield ind1="0" ind2="0" tag="245"><subfield code="a">Louisa weekly record.</subfield></datafield><datafield ind1="1" ind2="3" tag="246"><subfield code="a">Louisa record</subfield></datafield><datafield ind1=" " ind2=" " tag="260"><subfield code="a">Louisa Court House, Va. :</subfield><subfield code="b">Daniel Murphy</subfield></datafield><datafield ind1=" " ind2=" " tag="300"><subfield code="a">v ;</subfield><subfield code="c">60 cm.</subfield></datafield><datafield ind1=" " ind2=" " tag="310"><subfield code="a">Weekly</subfield></datafield><datafield ind1="1" ind2=" " tag="362"><subfield code="a">Began in 1876; ceased in 1877.</subfield><subfield code="z">Cf. Cappon, L.J. Va. newspapers.</subfield></datafield><datafield ind1=" " ind2=" " tag="500"><subfield code="a">Democratic. Cf. Cappon, L.J. Va. newspapers.</subfield></datafield><datafield ind1=" " ind2=" " tag="530"><subfield code="a">Microfilm available from New York Public Library.</subfield></datafield><datafield ind1=" " ind2=" " tag="588"><subfield code="a">Description based on: Vol. 1, no. 19, (May 13, 1876).</subfield></datafield><datafield ind1=" " ind2="0" tag="651"><subfield code="a">Louisa (Va.)</subfield><subfield code="v">Newspapers.</subfield></datafield><datafield ind1=" " ind2="7" tag="655"><subfield code="a">Newspapers.</subfield><subfield code="2">fast</subfield><subfield code="0">(OCoLC)fst01423814</subfield></datafield><datafield ind1=" " ind2="7" tag="651"><subfield code="a">Virginia</subfield><subfield code="z">Louisa.</subfield><subfield code="2">fast</subfield><subfield code="0">(OCoLC)fst01218325</subfield></datafield><datafield ind1=" " ind2=" " tag="752"><subfield code="a">United States</subfield><subfield code="b">Virginia</subfield><subfield code="c">Louisa</subfield><subfield code="d">Louisa.</subfield></datafield></record>